

@article{ricci2010mobile,
  title={Mobile recommender systems},
  author={Ricci, Francesco},
  journal={Information Technology \& Tourism},
  volume={12},
  number={3},
  pages={205--231},
  year={2010},
  publisher={Cognizant Communication Corporation}
}

@article{billsus2000user,
  title={User modeling for adaptive news access},
  author={Billsus, Daniel and Pazzani, Michael J},
  journal={User modeling and user-adapted interaction},
  volume={10},
  number={2-3},
  pages={147--180},
  year={2000},
  publisher={Springer}
}

@inproceedings{rohr2008aggregated,
  title={Aggregated cross-media news visualization and personalization},
  author={Rohr, Cyril and Tjondronegoro, Dian},
  booktitle={Proceedings of the 1st ACM international conference on Multimedia information retrieval},
  pages={371--378},
  year={2008},
  organization={ACM}
}

@article{thurman2012future,
  title={The future of personalization at news websites: lessons from a longitudinal study},
  author={Thurman, Neil and Schifferes, Steve},
  journal={Journalism Studies},
  volume={13},
  number={5-6},
  pages={775--790},
  year={2012},
  publisher={Taylor \& Francis}
}

@inproceedings{li2011scene,
  title={Scene: a scalable two-stage personalized news recommendation system},
  author={Li, Lei and Wang, Dingding and Li, Tao and Knox, Daniel and Padmanabhan, Balaji},
  booktitle={ACM Conference on Information Retrieval (SIGIR)},
  year={2011}
}

@article{khullera1999budgeted,
  title={The budgeted maximum coverage problem},
  author={Khullera, Samir and Mossb, Anna and Naor, J},
  journal={Information Processing Letters},
  volume={70},
  pages={39--45},
  year={1999}
}

@inproceedings{yeung2010proactive,
  title={A proactive personalized mobile news recommendation system},
  author={Yeung, Kam Fung and Yang, Yanyan},
  booktitle={Developments in E-systems Engineering (DESE), 2010},
  pages={207--212},
  year={2010},
  organization={IEEE}
}

@book{jensen1996introduction,
  title={An introduction to Bayesian networks},
  author={Jensen, Finn V},
  volume={74},
  year={1996},
  publisher={UCL press London}
}

@book{saaty1988analytic,
  title={What is the analytic hierarchy process?},
  author={Saaty, Thomas L},
  year={1988},
  publisher={Springer}
}

@book{shen2010handbook,
  title={Handbook of peer-to-peer networking},
  author={Shen, Xuemin and Yu, Heather and Buford, John and Akon, Mursalin},
  volume={1},
  year={2010},
  publisher={Springer Heidelberg}
}

@article{wen2012hybrid,
  title={A hybrid approach for personalized recommendation of news on the Web},
  author={Wen, Hao and Fang, Liping and Guan, Ling},
  journal={Expert Systems with Applications},
  volume={39},
  number={5},
  pages={5806--5814},
  year={2012},
  publisher={Elsevier}
}

@inproceedings{liu2010personalized,
  title={Personalized news recommendation based on click behavior},
  author={Liu, Jiahui and Dolan, Peter and Pedersen, Elin R{\o}nby},
  booktitle={Proceedings of the 15th international conference on Intelligent user interfaces},
  pages={31--40},
  year={2010},
  organization={ACM}
}

@article{lee2007moners,
  title={MONERS: A news recommender for the mobile web},
  author={Lee, Hong Joo and Park, Sung Joo},
  journal={Expert Systems with Applications},
  volume={32},
  number={1},
  pages={143--150},
  year={2007},
  publisher={Elsevier}
}

@article{teknomo2006k,
  title={K-Means Clustering Tutorial},
  author={Teknomo, Kardi},
  journal={Medicine},
  volume={100},
  number={4},
  pages={3},
  year={2006}
}

@article{danielsson1980euclidean,
  title={Euclidean distance mapping},
  author={Danielsson, Per-Erik},
  journal={Computer Graphics and image processing},
  volume={14},
  number={3},
  pages={227--248},
  year={1980},
  publisher={Elsevier}
}

@inproceedings{das2007google,
  title={Google news personalization: scalable online collaborative filtering},
  author={Das, Abhinandan S and Datar, Mayur and Garg, Ashutosh and Rajaram, Shyam},
  booktitle={Proceedings of the 16th international conference on World Wide Web},
  pages={271--280},
  year={2007},
  organization={ACM}
}

@article{jannachrecommender,
  title={RECOMMENDER SYSTEMS - AN INTRODUCTION CORRIGENDA LIST},
  author={Jannach, Dietmar}
}

@inproceedings{hofmann1999probabilistic,
  title={Probabilistic latent semantic indexing},
  author={Hofmann, Thomas},
  booktitle={Proceedings of the 22nd annual international ACM SIGIR conference on Research and development in information retrieval},
  pages={50--57},
  year={1999},
  organization={ACM}
}

@inproceedings{broder1997resemblance,
  title={On the resemblance and containment of documents},
  author={Broder, Andrei Z},
  booktitle={Compression and Complexity of Sequences 1997. Proceedings},
  pages={21--29},
  year={1997},
  organization={IEEE}
}

@article{shapira2009epaper,
  title={ePaper: A personalized mobile newspaper},
  author={Shapira, Bracha and Shoval, Peretz and Tractinsky, Noam and Meyer, Joachim},
  journal={Journal of the American Society for Information Science and Technology},
  volume={60},
  number={11},
  pages={2333--2346},
  year={2009},
  publisher={Wiley Online Library}
}

@misc{mashable2010newsconsumption,
author = {Lavrusik, Vadim},
title = {How News Consumption is Shifting to the Personalized Social News Stream},
month = aug,
year = {2010},
howpublished = {\url{http://mashable.com/2010/08/10/personalized-news-stream/}},
note = "[Accessed: May 10, 2013]"
}

@article{purcell2010understanding,
  title={Understanding the participatory news consumer},
  author={Purcell, Kristen and Rainie, Lee and Mitchell, Amy and Rosenstiel, Tom and Olmstead, Kenny},
  journal={Pew Internet and American Life Project},
  volume={1},
  year={2010}
}

@misc{npr2010facebooksurvery,
author = {Carvin, Andy and Cody, Noel},
title = {Results From Our Survey Of NPR Facebook Fans},
month = aug,
year = {2010},
howpublished = {\url{http://www.npr.org/blogs/gofigure/2010/08/02/128928306/results-from-our-survey-of-npr-facebook-fans}},
note = "[Accessed: May 10, 2013]"
}

@article{vinod2010news,
  title={News Sync: Three Reasons to Visualize News Better},
  author={Vinod, VG and Jim, Raman Ann and George, Chandrasekar Paradiso St},
  journal={HCIR 2010},
  pages={45},
  year={2010}
}

@article{anna2011designing,
  title={Designing the future of the newspaper},
  author={Anna, Benckert van de Boel},
  year={2011},
  publisher={Malm{\"o} h{\"o}gskola/Kultur och samh{\"a}lle}
}

@misc{emarketer2012moretime,
author = {eMarketer},
title = {Consumers Spend More Time with Mobile as Online Growth Slows},
month = oct,
year = {2012},
howpublished = {\url{http://www.emarketer.com/Article/Consumers-Spend-More-Time-with-Mobile-Online-Growth-Slows/1009431#IBhfumFlgTgxclz4.99}},
note = "[Accessed: May 14, 2013]"
}

@article{huang2004applying,
  title={Applying associative retrieval techniques to alleviate the sparsity problem in collaborative filtering},
  author={Huang, Zan and Chen, Hsinchun and Zeng, Daniel},
  journal={ACM Transactions on Information Systems (TOIS)},
  volume={22},
  number={1},
  pages={116--142},
  year={2004},
  publisher={ACM}
}

@inproceedings{lam2008addressing,
  title={Addressing cold-start problem in recommendation systems},
  author={Lam, Xuan Nhat and Vu, Thuc and Le, Trong Duc and Duong, Anh Duc},
  booktitle={Proceedings of the 2nd international conference on Ubiquitous information management and communication},
  pages={208--211},
  year={2008},
  organization={ACM}
}

@misc{zite_appstore,
author = {Zite Inc.},
title = {Description},
month = mar,
year = {2013},
howpublished = {\url{https://itunes.apple.com/pl/app/zite/id419752338?mt=8}},
note = "[Accessed: Mars 20, 2013]"
}

@misc{zite_faq,
author = {Zite Inc.},
title = {FAQ},
month = mar,
year = {2013},
howpublished = {\url{http://blog.zite.com/228-2/}}
}

@misc{flipboard_design,
author = {Lauren Indvik},
title = {Flipboard: Behind Mobile's Most Beautiful Newsreading Magazine},
month = jun,
year = {2012},
howpublished = {\url{http://mashable.com/2012/06/05/flipboard-design/}},
note = "[Accessed: April 16, 2013]"
}

@misc{flipboard_video,
author = {Inside Flipboard},
title = {Demo of Flipboard for iPhone},
month = dec,
year = {2011},
howpublished = {\url{http://www.youtube.com/watch?v=YOQAGmXOERI&feature=share&list=UUOfaC-F4a2MTRm37U02S17Q}},
note = "[Accessed: Mars 20, 2013]"
}

@misc{flipboard_animation,
author = {Indvik, Lauren},
title = {Flipboard: Behind Mobile's Most Beautiful Newsreading Magazine},
month = jun,
year = {2012},
howpublished = {\url{http://mashable.com/2012/06/05/flipboard-design/}},
note = "[Accessed: Mars 20, 2013]"
}

@misc{flipboard_app_of_the_year,
author = {Inside Flipboard},
title = {Apple picks Flipboard as App of the Year!},
month = dec,
year = {2010},
howpublished = {\url{http://inside.flipboard.com/2010/12/09/apple-picks-flipboard-as-app-of-the-year/}},
note = "[Accessed: Mars 20, 2013]"
}

@misc{flipboard_acquired_ellerdale,
author = {The Ellerdale Project Blog},
title = {Ellerdale has been acquired by Flipboard},
month = jul,
year = {2010},
howpublished = {\url{http://blog.ellerdale.com/}},
note = "[Accessed: Mars 20, 2013]"
}

@misc{flipboard_categorize_by_topic,
author = {Boutin, Paul},
title = {Making money off Twitter: The Ellerdale Project offers enterprise-scale search and analysis at 600 tweets per second},
month = apr,
year = {2010},
howpublished = {\url{http://venturebeat.com/2010/04/13/twitter-ellerdale/}},
note = "[Accessed: Mars 20, 2013]"
}

@misc{personalization_overview,
author = {Cylogi Inc.},
title = {Personalization Overview},
month = mar,
year = {2013},
howpublished = {\url{http://venturebeat.com/2010/04/13/twitter-ellerdale/}}
}

@misc{pulse_apple_design_award,
author = {O'Grady, Jason D.},
title = {WWDC 2011: Apple Design Award winning apps worthy of your download},
month = jun,
year = {2011},
howpublished = {\url{http://www.zdnet.com/blog/apple/wwdc-2011-apple-design-award-winning-apps-worthy-of-your-download/10339}},
note = "[Accessed: April 15, 2013]"
}

@misc{linkedin_acquires_pulse,
author = {Lardinois, Frederic},
title = {LinkedIn Acquires Pulse For \$90M In Stock And Cash},
month = apr,
year = {2013},
howpublished = {\url{http://techcrunch.com/2013/04/11/linkedin-acquires-pulse-for-90m-in-stock-and-cash/}},
note = "[Accessed: May 6, 2013]"
}

@misc{news360_about,
author = {News360},
title = {About},
month = apr,
year = {2013},
howpublished = {\url{http://news360.com/}}
}

@misc{news360_technology,
author = {News360},
title = {Technology},
month = apr,
year = {2013},
howpublished = {\url{http://news360.com/technology/}}
}

@misc{summly_idea,
author = {Yeung, Ken},
title = {News curator Summly launches to help simplify the way we consume news on mobile devices},
month = nov,
year = {2012},
howpublished = {\url{http://thenextweb.com/apps/2012/11/01/news-curator-summly-launches-to-help-simplify-the-way-we-consume-news-on-mobile-devices/}},
note = "[Accessed: April 17, 2013]"
}

@misc{summly_sold_yahoo,
author = {Arthur, Charles},
title = {Teenager in need of £18m? There's a Yahoo app for that},
month = mar,
year = {2013},
howpublished = {\url{http://www.guardian.co.uk/technology/2013/mar/25/summly-sold-yahoo-teenage-creator}},
note = "[Accessed: April 16, 2013]"
}

@misc{summly_closed,
author = {Yahoo},
title = {Yahoo! To Acquire Summly},
month = mar,
year = {2013},
howpublished = {\url{http://ycorpblog.com/2013/03/25/yahoo-to-acquire-summly/}},
note = "[Accessed: April 16, 2013]"
}

@misc{yahoo_news_app_release,
author = {Mayer, Marissa},
title = {To summarize, the new Yahoo! app delivers better mobile content discovery},
month = apr,
year = {2013},
howpublished = {\url{http://ycorpblog.com/2013/04/22/42779/}},
note = "[Accessed: April 23, 2013]"
}

@misc{summly_launch_video,
author = {Summly},
title = {Summly Launch},
month = nov,
year = {2012},
howpublished = {\url{http://vimeo.com/52014691}},
note = "[Accessed: April 17, 2013]"
}

@misc{summly_technology,
author = {Summly},
title = {Summly Technology},
month = apr,
year = {2013},
howpublished = {\url{http://summly.com/technology.html}},
note = "[Accessed: April 17, 2013]"
}

@misc{circa_about,
author = {Circa},
title = {Catch up quick},
month = apr,
year = {2013},
howpublished = {\url{http://cir.ca/}},
note = "[Accessed: April 18, 2013]"
}

@misc{wavii_facebook_for_topics,
author = {Wingfield, Nick},
title = {Wavii: A Facebook for Topics},
month = apr,
year = {2012},
howpublished = {\url{http://bits.blogs.nytimes.com/2012/04/13/wavii-a-facebook-for-topics/}},
note = "[Accessed: April 18, 2013]"
}

@misc{wavii_proprietary_algorithm,
author = {Strickland, Jonathan},
title = {How Wavii Works},
month = mar,
year = {2013},
howpublished = {\url{http://www.fwthinking.com/blog/wavii-works/}},
note = "[Accessed: April 21, 2013]"
}

@misc{google_acquired_wavii,
author = {Tsotsis, Alexia},
title = {Google Buys Wavii For North Of \$30 Million},
month = apr,
year = {2013},
howpublished = {\url{http://techcrunch.com/2013/04/23/google-buys-wavii-for-north-of-30-million/}},
note = "[Accessed: May 6, 2013]"
}

@misc{prismatic_wikipedia,
author = {Wikipedia},
title = {Prismatic (app)},
month = mar,
year = {2013},
howpublished = {\url{http://en.wikipedia.org/wiki/Prismatic_%28app%29}},
note = "[Accessed: April 22, 2013]"
}

@misc{prismatic_how_it_works,
author = {High Scalability},
title = {Prismatic Architecture - Using Machine Learning on Social Networks to Figure Out What You Should Read on the Web},
month = jul,
year = {2012},
howpublished = {\url{http://highscalability.com/blog/2012/7/30/prismatic-architecture-using-machine-learning-on-social-netw.html}},
note = "[Accessed: April 23, 2013]"
}

@misc{taptu_magic,
author = {Taptu},
title = {Description},
month = apr,
year = {2013},
howpublished = {\url{https://itunes.apple.com/no/app/taptu-dj-your-news/id392240746?mt=8}},
note = "[Accessed: April 25, 2013]"
}

@misc{stateofthemedia2012,
author = {Mitchell, Amy and Rosenstiel, Tom and Christian, Leah},
title = {Mobile Devices and News Consumption: Some Good Signs for Journalism},
month = dec,
year = {2012},
howpublished = {\url{http://stateofthemedia.org/2012/mobile-devices-and-news-consumption-some-good-signs-for-journalism/}},
note = "[Accessed: May 24, 2013]"
}